

@Booklet{ATLAS-CONF-2014-060,
    author         = "{ATLAS Collaboration}",
    title          = "{Observation and measurement of Higgs boson decays to $WW^*$ with ATLAS at the LHC}",
    howpublished   = "ATLAS-CONF-2014-060",
    url            = "https://atlas.web.cern.ch/Atlas/GROUPS/PHYSICS/CONFNOTES/ATLAS-CONF-2014-060/",
    year           = "2014",
}

@Booklet{ATLAS-CONF-2014-061,
    author         = "{ATLAS Collaboration}",
    title          = "{Evidence for Higgs-Boson Yukawa couplings in the $H \rightarrow \tau \tau$ decay mode with the ATLAS detector}",
    howpublished   = "ATLAS-CONF-2014-061",
    url            = "https://atlas.web.cern.ch/Atlas/GROUPS/PHYSICS/CONFNOTES/ATLAS-CONF-2014-061",
    year           = "2014",
}