@booklet{ATL-SOFT-PUB-2014-01,
    author         = "{ATLAS Collaboration}",
    title          = "{Performance of the Fast ATLAS Tracking Simulation (FATRAS) and the ATLAS Fast Calorimeter Simulation (FastCaloSim) with single particles}",
    howpublished   = "{ATL-SOFT-PUB-2014-01}",
    url            = "https://atlas.web.cern.ch/Atlas/GROUPS/PHYSICS/PUBNOTES/ATL-SOFT-PUB-2014-001",
}

